


@article{RefWorks:29,
	year={2015},
	title={Biomass Program: Feedstock Composition and Property Database},
	author={{United States Department of Energy}}
}

@article{RefWorks:23,
	author={Vishal Agarwal and George W. Huber and W. Conner and Scott Auerbach},
	year={2011},
	title={Simulating infrared spectra and hydrogen bonding in cellulose I$\Beta$ at elevated temperatures},
	journal={The Journal of Chemical Physics},
	volume={135},
	pages={134506}
}

@article{RefWorks:58,
	author={Michael Jerry Jr Antal and Gabor Varhegyi},
	year={1995},
	title={Cellulose pyrolysis kinetics: the current state of knowledge},
	journal={Industrial \& Engineering Chemistry Research},
	volume={34},
	number={3},
	pages={703-717}
}

@book{RefWorks:32,
	author={Peter F. Bernath},
	year={2005},
	title={Spectra of Atoms and Molecules},
	publisher={Oxford University Press},
	edition={Second}
}

@techreport{RefWorks:55,
	author={Michael Bradley},
	year={2007},
	title={Curve Fitting in Raman and IR Spectroscopy: Basic Theory of Line Shapes and Applications},
	institution={Fisher Scientific},
	number={50733}
}

@book{RefWorks:28,
	author={Robert C. Brown and Tristan R. Brown},
	year={2003},
	title={Biorenewable Resources: Engineering New Products from Agriculture},
	publisher={Iowa State Press},
	address={Ames, Iowa}
}

@article{RefWorks:39,
	author={JJ Cael and KH Gardner and JL Koenig and J. Blackwell},
	year={1975},
	title={Infrared and Raman spectroscopy of carbohydrates. Paper V. Normal coordinate analysis of cellulose I},
	journal={The Journal of chemical physics},
	volume={62},
	number={3},
	pages={1145-1153}
}

@article{RefWorks:40,
	author={John J. Cael and Jack L. Koenig and John Blackwell},
	year={1975},
	title={Infrared and Raman spectroscopy of carbohydrates. Part VI: Normal coordinate analysis of V-amylose},
	journal={Biopolymers},
	volume={14},
	number={9},
	pages={1885-1903}
}

@article{RefWorks:38,
	author={John J. Cael and Jack L. Koenig and John Blackwell},
	year={1974},
	title={Infrared and raman spectroscopy of carbohydrates: Part IV. Identification of configuration-and conformation-sensitive modes for D-glucose by normal coordinate analysis},
	journal={Carbohydrate research},
	volume={32},
	number={1},
	pages={79-91}
}

@article{RefWorks:37,
	author={SJ Cael and JL Koenig and J. Blackwell},
	year={1973},
	title={Infrared and raman spectroscopy of carbohydrates: Part III: raman spectra of the polymorphic forms of amylose},
	journal={Carbohydrate research},
	volume={29},
	number={1},
	pages={123-134}
}

@book{RefWorks:31,
	author={J. M. Chalmers and P. R. Griffiths},
	year={2002},
	title={The Handbook of Vibrational Spectroscopy, Volume 1: Theory and Instrumentation.},
	publisher={Wiley}
}

@article{RefWorks:33,
	author={J. R. Cheeseman and M. S. Shaik and P. L. A. Popelier and E. W. Blanch},
	year={2011},
	title={Calculation of Raman Optical Activity Spectra of Methyl-$\Beta$-D-Glucose Incorporating a Full Molecular Dynamics Simulation of Hydration Effects},
	journal={Journal of the American Chemical Society},
	volume={133},
	pages={4991}
}

@article{RefWorks:41,
	author={Manuel Dauches and Philippe Lagant and Philippe Derreumaux and Gerard Vergoten},
	year={1993},
	title={Force field and vibrational spectra of oligosaccharides with different glycosidic linkages -- Part II: maltose monohydrate, cellobiose, and gentobiose},
	journal={Spectrochimico Acta},
	volume={50A},
	number={1}
}

@misc{RefWorks:26,
	author = 	 {M. J. Frisch and G. W. Trucks and H. B. Schlegel and G. E. Scuseria and M. A. Robb and J. R. Cheeseman and G. Scalmani and V. Barone and B. Mennucci and G. A. Petersson and H. Nakatsuji and M. Caricato and X. Li and H. P. Hratchian and A. F. Izmaylov and J. Bloino and G. Zheng and J. L. Sonnenberg and M. Hada and M. Ehara and K. Toyota and R. Fukuda and J. Hasegawa and M. Ishida and T. Nakajima and Y. Honda and O. Kitao and H. Nakai and T. Vreven and Montgomery A.  Jr.J. and J. E. Peralta and F. Ogliaro and M. Bearpark and J. J. Heyd and E. Brothers and K. N. Kudin and V. N. Staroverov and R. Kobayashi and J. Normand and K. Raghavachari and A. Rendell and J. C. Burant and S. S. Iyengar and J. Tomasi and M. Cossi and N. Rega and J. M. Millam and M. Klene and J. E. Knox and J. B. Cross and V. Bakken and C. Adamo and J. Jaramillo and R. Gomperts and R. E. Stratmann and O. Yazyev and A. J. Austin and R. Cammi and C. Pomelli and J. W. Ochterski and R. L. Martin and K. Morokuma and V. G. Zakrzewski and G. A. Voth and P. Salvador and J. J. Dannenberg and S. Dapprich and A. D. Daniels and Ö. Farkas and J. B. Foresman and J. V. Ortiz and J. Cioslowski and D. J. Fox},
	title = 	 {Gaussian 09 Revision E.01},
	note = 	 {Gaussian Inc. Wallingford CT 2009}
}

@article{RefWorks:43,
	author={Maria Elena Gallina and Paola Sassi and Marco Paolantoni and Assunta Morresi and Rosario Sergio Cataliotti},
	year={2006},
	title={Vibrational analysis of molecular interactions in aqueous glucose solutions. Temperature and concentration effects},
	journal={The Journal of Physical Chemistry B},
	volume={110},
	number={17},
	pages={8856-8864}
}

@article{RefWorks:34,
	author={Taejin Kim and Rajeev S. Assary and Larry A. Curtiss and Christopher L. Marshall and Peter C. Stair},
	year={2011},
	title={Vibrational Properties of Levulinic Acid and Furan Derivatives: Raman Spectroscopy and Theoretical Calculations.},
	journal={Journal of Raman Spectroscopy},
	volume={42},
	pages={2069}
}

@article{RefWorks:46,
	author={Ks Kim and KD Jordan},
	year={1994},
	title={Comparison of density functional and MP2 calculations on the water monomer and dimer},
	journal={The Journal of physical chemistry},
	volume={98},
	number={40},
	pages={10089-10094}
}

@article{RefWorks:59,
	author={Dinesh Mohan and Charles U. Pittman and Philip H. Steele},
	year={2006},
	title={Pyrolysis of wood/biomass for bio-oil: a critical review},
	journal={Energy \& fuels},
	volume={20},
	number={3},
	pages={848-889}
}

@article{RefWorks:44,
	author={Robert G. Parr},
	year={1983},
	title={Density functional theory},
	journal={Annual Review of Physical Chemistry},
	volume={34},
	number={1},
	pages={631-656}
}

@article{RefWorks:45,
	author={aGA Petersson and Andrew Bennett and Thomas G. Tensfeldt and Mohammad A. Al-Laham and William A. Shirley and John Mantzaris},
	year={1988},
	title={A complete basis set model chemistry. I. The total energies of closed-shell atoms and hydrides of the first-row elements},
	journal={The Journal of chemical physics},
	volume={89},
	number={4},
	pages={2193-2218}
}

@article{RefWorks:24,
	author={S. Pronk and S. Pall and R. Schulz and P. Larsson and P. Bjelkmar and R. Apostolov and M. R. Shirts and J. C. Smith and P. M. Kasson and D. van der Spoel and B. Hess and E. Lindahl},
	year={2013},
	title={GROMACS 4.5: a high throughput and highly parallel open source molecular simulation toolkit},
	journal={Bioinformatics},
	volume={29},
	number={7},
	pages={845}
}

@book{RefWorks:60,
	author={Daniel V. Schroeder},
	year={2000},
	title={An introduction to thermal physics},
	publisher={Addison Wesley New York},
	volume={60},
	pages={53}
}

@article{RefWorks:42,
	author={Jeong-Ah Seo and Hyun-Joung Kwon and Hyung Kook Kim and Yoon-Hwae Hwang},
	year={2007},
	title={Temperature dependent vibrational modes of glycosidic bond in disaccharide sugars},
	journal={Carbohydrate Research},
	volume={343}
}

@article{RefWorks:54,
	author={Andrada Serafim and Romain Mallet and Florence Pascaretti-Grizon and Izabela-Cristina Stancu and Daniel Chappard},
	year={2014},
	title={Osteoblast-like cell behavior on porous scaffolds based on poly (styrene) fibers},
	journal={BioMed research international},
	volume={2014}
}

@article{RefWorks:56,
	author={Fred Shafizadeh},
	year={1982},
	title={Introduction to pyrolysis of biomass},
	journal={Journal of Analytical and Applied Pyrolysis},
	volume={3},
	number={4},
	pages={283-305}
}

@article{RefWorks:30,
	author={Ye Sun and Jiayang Chen},
	year={2002},
	title={Hydrolysis of lignocellulosic materials for ethanol production: a review},
	journal={Bioresource Technology},
	volume={83}
}

@article{RefWorks:25,
	author={Mark E. Tuckerman and Glenn J. Martyna},
	year={2000},
	month={01/01},
	title={Understanding Modern Molecular Dynamics: Techniques and Applications},
	journal={The Journal of Physical Chemistry B},
	volume={104},
	number={2},
	pages={159-178},
	note={doi: 10.1021/jp992433y},
	isbn={1520-6106},
	url={http://dx.doi.org/10.1021/jp992433y}
}

@misc{RefWorks:27,
	author={U.S Energy Information Administration},
	year={2015},
	title={What are the products and uses of petroleum?},
	volume={2015},
	number={January 11}
}

@article{RefWorks:35,
	author={P. D\_ Vasko and J. Blackwell and JL Koenig},
	year={1971},
	title={Infrared and raman spectroscopy of carbohydrates: Part I: Identification of O H and C H-related vibrational modes for D-glucose, maltose, cellobiose, and dextran by deuterium-substitution methods},
	journal={Carbohydrate research},
	volume={19},
	number={3},
	pages={297-310}
}

@article{RefWorks:36,
	author={PD Vasko and J. Blackwell and JL Koenig},
	year={1972},
	title={Infrared and raman spectroscopy of carbohydrates.: Part II: Normal coordinate analysis of $\alpha$-D-glucose.},
	journal={Carbohydrate research},
	volume={23},
	number={3},
	pages={407-416}
}

@article{RefWorks:57,
	author={Haiping Yang and Rong Yan and Hanping Chen and Dong Ho Lee and Chuguang Zheng},
	year={2007},
	title={Characteristics of hemicellulose, cellulose and lignin pyrolysis},
	journal={Fuel},
	volume={86},
	number={12},
	pages={1781-1788}
}
